@Book{goossens94,
  author = 	 {Michel Goossens and Frank Mittelbach and Alexander Samarin},
  title = 	 {The \LaTeX Companion},
  publisher = 	 {Addison Wesley},
  year = 	 1994
}

@Book{knuth86,
  author = 	 {Donald E. Knuth},
  title = 	 {The \TeX book},
  publisher = 	 {Addison Wesley},
  year = 	 1986,
  volume =	 {A},
  series =	 {Computers and Typesetting}
}

@Book{lamport94,
  author = 	 {Leslie Lamport},
  title = 	 {\LaTeX: A Document Preparation System---User's Guide and Reference Manual},
  publisher = 	 {Addison Wesley},
  year = 	 1994,
  edition =	 {2nd}
}

@article{kohli2009robust,
	title={Robust higher order potentials for enforcing label consistency},
	author={Kohli, Pushmeet and Torr, Philip HS and others},
	journal={International Journal of Computer Vision},
	volume={82},
	number={3},
	pages={302--324},
	year={2009},
	publisher={Springer}
}
@article{gouldlearning,
  title={Learning Weighted Lower Linear Envelope Potentials in Binary Markov Random Fields},
  author={Gould, Stephen},
  journal={IEEE transactions on pattern analysis and machine intelligence},
  volume={37},
  number={7},
  pages={1336--1346},
  year={2015},
  publisher={IEEE}
}
@inproceedings{felzenszwalb2008discriminatively,
	title={A discriminatively trained, multiscale, deformable part model},
	author={Felzenszwalb, Pedro and McAllester, David and Ramanan, Deva},
	booktitle={Computer Vision and Pattern Recognition, 2008. CVPR 2008. IEEE Conference on},
	pages={1--8},
	year={2008},
	organization={IEEE}
}
@inproceedings{yu2009learning,
  title={Learning structural SVMs with latent variables},
  author={Yu, Chun-Nam John and Joachims, Thorsten},
  booktitle={Proceedings of the 26th Annual International Conference on Machine Learning},
  pages={1169--1176},
  year={2009},
  organization={ACM}
}
@incollection{borenstein2002class,
	title={Class-specific, top-down segmentation},
	author={Borenstein, Eran and Ullman, Shimon},
	booktitle={Computer Visionâ€”ECCV 2002},
	pages={109--122},
	year={2002},
	publisher={Springer}
}
@article{borenstein2008combined,
	title={Combined top-down/bottom-up segmentation},
	author={Borenstein, Eran and Ullman, Shimon},
	journal={Pattern Analysis and Machine Intelligence, IEEE Transactions on},
	volume={30},
	number={12},
	pages={2109--2125},
	year={2008},
	publisher={IEEE}
}
@inproceedings{miller2012max,
	title={Max-margin min-entropy models},
	author={Miller, Kevin and Kumar, M Pawan and Packer, Ben and Goodman, Danny and Koller, Daphne},
	booktitle={AISTATS},
	year={2012}
}
@article{crammer2002algorithmic,
	title={On the algorithmic implementation of multiclass kernel-based vector machines},
	author={Crammer, Koby and Singer, Yoram},
	journal={The Journal of Machine Learning Research},
	volume={2},
	pages={265--292},
	year={2002},
	publisher={JMLR. org}
}
@article{yuille2002concave,
	title={The concave-convex procedure (CCCP)},
	author={Yuille, Alan L and Rangarajan, Anand and Yuille, AL},
	journal={Advances in neural information processing systems},
	volume={2},
	pages={1033--1040},
	year={2002},
	publisher={MIT; 1998}
}
@inproceedings{tsochantaridis2005large,
	title={Large margin methods for structured and interdependent output variables},
	author={Tsochantaridis, Ioannis and Joachims, Thorsten and Hofmann, Thomas and Altun, Yasemin},
	booktitle={Journal of Machine Learning Research},
	pages={1453--1484},
	year={2005}
}
@inproceedings{pletscher2012learning,
	title={Learning low-order models for enforcing high-order statistics},
	author={Pletscher, Patrick and Kohli, Pushmeet},
	booktitle={International Conference on Artificial Intelligence and Statistics},
	pages={886--894},
	year={2012}
}
@article{komodakis2014framework,
	title={A Framework for Efficient Structured Max-Margin Learning of High-Order MRF Models},
	author={Komodakis, Nikos and Xiang, Bin and Paragios, Nikos},
	year={2014},
	publisher={IEEE}
}
@inproceedings{li2013exploring,
	title={Exploring compositional high order pattern potentials for structured output learning},
	author={Li, Yujia and Tarlow, Daniel and Zemel, Richard},
	booktitle={Computer Vision and Pattern Recognition (CVPR), 2013 IEEE Conference on},
	pages={49--56},
	year={2013},
	organization={IEEE}
}

% --------------- Background ----------------------------------
@article{achanta2012slic,
  title={SLIC superpixels compared to state-of-the-art superpixel methods},
  author={Achanta, Radhakrishna and Shaji, Appu and Smith, Kevin and Lucchi, Aurelien and Fua, Pascal and S{\"u}sstrunk, Sabine},
  journal={IEEE transactions on pattern analysis and machine intelligence},
  volume={34},
  number={11},
  pages={2274--2282},
  year={2012},
  publisher={IEEE}
}
@inproceedings{kohli2007p3,
  title={P3 \& beyond: Solving energies with higher order cliques},
  author={Kohli, Pushmeet and Kumar, M Pawan and Torr, Philip HS},
  booktitle={Computer Vision and Pattern Recognition, 2007. CVPR'07. IEEE Conference on},
  pages={1--8},
  year={2007},
  organization={IEEE}
}

% --------------- MRF ----------------------------------
@Book{           bishop:2006:PRML,
  author = 	 "Christopher M. Bishop",
  title = 	 "Pattern Recognition and Machine Learning",
  publisher = 	 "Springer",
  year = 	 "2006",
}

% ---------------- MFE ----------------------------
@article{hsu2011hybrid,
  title={A hybrid procedure for stock price prediction by integrating self-organizing map and genetic programming},
  author={Hsu, Chih-Ming},
  journal={Expert Systems with Applications},
  volume={38},
  number={11},
  pages={14026--14036},
  year={2011},
  publisher={Elsevier}
}

@article{fasanghari2010design,
  title={Design and implementation of fuzzy expert system for Tehran Stock Exchange portfolio recommendation},
  author={Fasanghari, Mehdi and Montazer, Gholam Ali},
  journal={Expert Systems with Applications},
  volume={37},
  number={9},
  pages={6138--6147},
  year={2010},
  publisher={Elsevier}
}

@article{cremers2009active,
  title={How active is your fund manager? A new measure that predicts performance},
  author={Cremers, KJ Martijn and Petajisto, Antti},
  journal={Review of Financial Studies},
  volume={22},
  number={9},
  pages={3329--3365},
  year={2009},
  publisher={Soc Financial Studies}
}

@incollection{leung2013discovering,
  title={Discovering frequent patterns from uncertain data streams with time-fading and landmark models},
  author={Leung, Carson Kai-Sang and Cuzzocrea, Alfredo and Jiang, Fan},
  booktitle={Transactions on Large-Scale Data-and Knowledge-Centered Systems VIII},
  pages={174--196},
  year={2013},
  publisher={Springer}
}

@inproceedings{mackinnon2015stock,
  title={Stock price prediction in undirected graphs using a structural support vector machine},
  author={MacKinnon, Richard Kyle and Leung, Carson K},
  booktitle={Web Intelligence and Intelligent Agent Technology (WI-IAT), 2015 IEEE/WIC/ACM International Conference on},
  volume={1},
  pages={548--555},
  year={2015},
  organization={IEEE}
}